% book
% Required fields: author or editor, title, publisher, year.
% Optional fields: volume or number, series, address, edition, month, note.
@book{coulouris,
  author = {Coulouris  G.  F.,  Dollimore J. e  Kindberg T},
  title = {Distributed Systems: concepts and Design},
  publisher = {Addison-Wesley},
  year = {1994},
  edition = "second edition"
}

% article
% Required fields: author, title, journal, year.
% Optional fields: volume, number, pages, month, note.
@article{donoho,
  author = {Donoho D. L.},
  title = {Compressed Sensing},
  journal = {IEEE Trans. Inf. Theory},
  volume = {52},
  number = {4},
  pages = {1289-1306},
  year = {2006}
}

% conference
% same as inproceedings
% Required fields: author, title, booktitle, year.
% Optional fields: editor, volume or number, series, pages, address, month, organization, publisher, note
@conference{game,
  author = {Kevin Werbach, Dan Hunter},
  title = {Step's to gamification},
  booktitle = {For the Win How Game Thinking Can Revolutionize Your Business},
  year = {2016},
}

% website
% as misc
% Required fields: none.
% Optional fields: author, title, howpublished, month, year, note.
@misc{learing,
  title = {Bloomâ€™s taxonomy of cognitive learning objectives},
  howpublished = "\url{https://www.ncbi.nlm.nih.gov/pmc/articles/PMC4511057/#mlab-103-03-152-153-Bloom1}",
}

@misc{approach,
  title = {A systematic approach for defining and assessing program educational objectives and outcomes},
  howpublished = "\url{https://www.researchgate.net/profile/Nikos-Mourtos/publication/254119683_A_Systematic_Approach_for_Defining_and_Assessing_Program_Educational_Objectives_and_Outcomes/links/5e584c6792851cefa1c9f346/A-Systematic-Approach-for-Defining-and-Assessing-Program-Educational-Objectives-and-Outcomes.pdf}",
}

@misc{Dale,
  title = {Applying Dale's Cone of Experience to increase learning and retention},
  howpublished = "\url{https://www.qscience.com/content/papers/10.5339/qproc.2015.elc2014.6}",
}

@misc{teaching,
  title = {Impact of simulation softwares as teaching tools in engineering learning},
  howpublished = "\url{https://ieeexplore.ieee.org/abstract/document/7474654?casa_token=oySHte2wvPQAAAAA:RNoyt1FVa5_BgJf8z9lSmkIAI_smwXdZOVS1P7IwBlK_yrmM2rrv4P_Kaay96fsreDySJ_Jo7Q}",
}

@misc{romanzi,
  title = {Bloom's taxonomy from emerging perspective on learing, teaching and technology},
  howpublished = "\url{https://www.d41.org/cms/lib/IL01904672/Centricity/Domain/422/BloomsTaxonomy.pdf}",
}

@misc{medicina,
  title = {Applying Bloom's taxonomy in clinical surgery},
  howpublished = "\url{https://www.sciencedirect.com/science/article/pii/S2049080121006063}",
}

@misc{distribuzione,
  title = {Blooms Taxonomy application in exam papers assessment},
  howpublished = "\url{https://www.researchgate.net/profile/Ilango-Sivaraman/publication/285883763_Blooms_Taxonomy-_Application_in_Exam_Papers_Assessment/links/56641aaf08ae418a786d32d4/Blooms-Taxonomy-Application-in-Exam-Papers-Assessment.pdf}",
}

@misc{stili,
  title = {Stili di apprendimento},
  howpublished = "\url{https://www.ctscremona.it/userfiles/stiliApprendimento.pdf}",
}